@article{Boehm1983,
	author = {W. B\"ohm},
	Title = {Subdividing multivariate splines},
	journal = {Computer-Aided Design},
	Publisher = {},
	Year = {1983},
  	volume = {15},
	number = {6},
	pages = {345 -- 352}
}


@mastersthesis{Price2006,
	author = {B. Price},
    	title = {Image vectorization},
    	school = {Brigham Young University},
    	year = {2006},
    	month = {}
}

@phdthesis{Sutherland1963,
	Author = {Ivan Sutherland},
	Title = {Sketchpad, A Man-Machine Graphical Communication System},
	Year = {1963},
	School = {Massachusetts Institute of Technology}
}

@book{Boor1978,
	Author = {C. de Boor},
	Title = {A Practical Guide to Splines},
	Edition = {},
	ISBN = {},
	Publisher = {Springer-Verlag},
	Year = {1978}
}

@inproceedings{Glasner2009,
	author = {Daniel Glasner and Shai Bagon and Michal Irani},
	title = {Super-Resolution from a Single Image},
	booktitle = {ICCV},
	year = {2009},
 	url = {\url{http://www.wisdom.weizmann.ac.il/~vision/SingleImageSR.html}}
}


@misc{Wiki:formats,
	author = {Wikipedia},
   	title = {Image file formats --- {W}ikipedia{,} The Free Encyclopedia},
  	year = {2012},
   	url = {\url{http://en.wikipedia.org/wiki/Image_file_formats#Vector_formats}},
   	note = {[Online; accessed 10-March-2012]}
}

@misc{nutch,
	author = {Apache Software Foundation},
   	title = {Apache {N}utch},
  	year = {2017},
   	url = {\url{http://nutch.apache.org/index.html}},
   	note = {[Online; accessed 11-June-2018]}
}

@book{saad,
author = {Saad, Y.},
title = {Iterative Methods for Sparse Linear Systems},
publisher = {Society for Industrial and Applied Mathematics},
year = {2003},
doi = {10.1137/1.9780898718003},
address = {},
edition   = {Second},
URL = {https://epubs.siam.org/doi/abs/10.1137/1.9780898718003},
eprint = {https://epubs.siam.org/doi/pdf/10.1137/1.9780898718003}
}


