@article{Kopf2011,
	Author  = {Johannes Kopf and Dani Lischinski},
	Title   = {Depixelizing Pixel Art},
	Journal = {ACM Transactions on Graphics (Proceedings of SIGGRAPH 2011)},
	Year    = {2011},
	Volume  = {30},
	Number  = {4},
	Pages   = {99:1 -- 99:8}
}

@article{Fattal2007,
    	author = {Raanan Fattal},
    	title = {Upsampling via Imposed Edges Statistics},
    	journal = {ACM Transactions on Graphics (Proceedings of SIGGRAPH 2007)},
    	year = {2007},
    	volume = {26},
    	number = {3},
    	pages = {95:1 -- 95:8},
}

@article{Lai2009,
    	author = {Yu-Kun Lai and Shi-Min Hu and Ralph R. Martin},
    	title = {Automatic and Topology-Preserving Gradient Mesh Generation for Image Vectorization},
    	journal = {ACM Transactions on Graphics},
    	year = {2009},
    	volume = {28},
    	number = {3},
    	pages = {85:1 -- 85:8},
}

@article{Orzan2008,
  	author = {Alexandrina Orzan and Adrien Bousseau and Holger Winnem\"oller and Pascal Barla and Jo\"elle Thollot and David Salesin},
  	title = {Diffusion Curves: A Vector Representation for Smooth-Shaded Images},
  	journal = {ACM Transactions on Graphics (Proceedings of SIGGRAPH 2008)},
  	year = {2008},
  	volume = {27},
	number = {3},
	pages = {92:1 -- 92:8},
  	url = {\url{http://maverick.inria.fr/Publications/2008/OBWBTS08}}
}

@article{Xia2009,
  	author = {Tian Xia and Binbin Liao and Yizhou Yu},
  	title = {Patch-based image vectorization with automatic curvilinear feature alignment},
  	journal = {ACM Transactions on Graphics (Proceedings of SIGGRAPH Asia 2009)},
  	year = {2009},
  	volume = {28},
	number = {5},
	pages = {115:1 -- 115:10}
}

@article{Getreuer2011,
	author = {Pascal Getreuer},
	title = {{Linear Methods for Image Interpolation}},
    	journal = {Image Processing On Line},
    	year = {2011},
    	doi = {10.5201/ipol.2011.g_lmii}
}

@article{Runge1901,
	author = {Carl Runge},
	Title = {{\"Uber empirische Funktionen und die Interpolation zwischen \"aquidistanten Ordinaten}},
	journal = {Zeitschrift f\"ur Mathematik und Physik},
	Publisher = {B. G. Teubner},
	Year = {1901},
  	volume = {46},
	number = {},
	pages = {224 -- 243}
}

@article{Turkowski1990,
	author = {Ken Turkowski and Steve Gabriel},
	Title = {Filters for Common Resampling Tasks},
	journal = {Graphics Gems I.},
	Publisher = {Academic Press},
	Year = {1990},
  	volume = {},
	number = {},
	pages = {147 -- 165},
	isbn = {978-0-12-286165-9}
}

@article{Kas1999,
	author = {Thomas Kas},
	Title = {{Fast Blit Strategies: A Mac Programmer's Guide}},
	journal = {MacTech Magazine},
	Publisher = {Xplain Corporation},
	Year = {1999},
  	volume = {15},
	number = {6},
	pages = {}
}

@article{Boatto1992,
	author = {L. Boatto and V. Consorti and M. Del Buono and S. Di Zenzo and V. Eramo and A. Esposito and F. Malcarne and M. Meucci and A. Morelli and M. Mosciatti and S. Scarci and M. Tucci},
	Title = {An interpretation system for land register maps},
	journal = {Computer},
	Publisher = {},
	Year = {1992},
  	volume = {25},
	number = {7},
	pages = {25 -- 33}
}

@article{Chang1998,
	author = {H.-H. Chang and H. Yan},
	Title = {Vectorization of hand-drawn image using piecewise cubic {B}\'ezier curves fitting},
	journal = {Pattern Recognition},
	Publisher = {},
	Year = {1998},
  	volume = {31},
	number = {11},
	pages = {1747 -- 1755}
}

@article{Chiang1995,
	author = {J. Y. Chiang},
	Title = {A new approach for binary line image vectorization},
	journal = {IEEE International Conference on Systems},
	Publisher = {Man and Cybernetics},
	Year = {1995},
  	volume = {2},
	number = {},
	pages = {1489 -- 1494}
}

@article{Dori1999,
	author = {D. Dori and W. Liu},
	Title = {Sparse pixel vectorization: An algorithm and its performance evaluation},
	journal = {IEEE Transactions on Pattern Analysis and Machine Intelligence},
	Publisher = {},
	Year = {1999},
  	volume = {21},
	number = {3},
	pages = {202 -- 215}
}

@article{Freeman1961,
	author = {H. Freeman},
	Title = {On the encoding of arbitrary geometric configurations},
	journal = {IRE Transactions on Electronic Computers},
	Publisher = {},
	Year = {1961},
  	volume = {10},
	number = {2},
	pages = {260 -- 268}
}

@article{Hori1993,
	author = {O. Hori and S. Tanigawa},
	Title = {Raster-to-vector conversion by line fitting based on contours and skeletons},
	journal = {Proceedings of the Second International Conference on Document Analysis and Recognition},
	Publisher = {},
	Year = {1993},
  	volume = {},
	number = {},
	pages = {353 -- 358}
}

@article{Jennings1994,
	author = {C. Jennings and J. R. Parker},
	Title = {Vision knowledge vectorization: Converting raster images into vector form},
	journal = {Proceedings of the 12th International Conference on Pattern Recognition},
	Publisher = {},
	Year = {1994},
  	volume = {1},
	number = {},
	pages = {311 -- 315}
}

@article{Jimenez1982,
	author = {J. Jimenez and J. L. Navalon},
	Title = {Some experiments in image vectorization},
	journal = {IBM Journal of Research and Development},
	Publisher = {},
	Year = {1982},
  	volume = {26},
	number = {6},
	pages = {724 -- 734}
}

@article{Kasturi1990,
	author = {R. Kasturi and S. T. Bow and W. El-Masri and J. Shah and J. R. Gattiker and U. B. Mokate},
	Title = {A system for interpretation of line drawings},
	journal = {IEEE Transactions on Pattern Analysis and Machine Intelligence},
	Publisher = {},
	Year = {1990},
  	volume = {},
	number = {},
	pages = {151 -- 160}
}

@article{Mikheev2001,
	author = {A. Mikheev and L. Vincent and V. Faber},
	Title = {High-quality polygonal contour approximation based on relaxation},
	journal = {Proceedings of the Sixth International Conference on Document Analysis and Recognition},
	Publisher = {},
	Year = {2001},
  	volume = {},
	number = {},
	pages = {361 -- 365}
}

@article{Nagasamy1990,
	author = {V. Nagasamy and N. A. Langrana},
	Title = {Engineering drawing processing and vectorization system},
	journal = {Computer Vision, Graphics, and Image Processing},
	Publisher = {},
	Year = {1990},
  	volume = {49},
	number = {3},
	pages = {379 -- 397}
}

@article{Roosli1995,
	author = {M. R\"o\"osli and G. Monagan},
	Title = {A high quality vectorization combining local quality measures and global constraints},
	journal = {Proceedings of the Third International Conference on Document Analysis and Recognition},
	Publisher = {},
	Year = {1995},
  	volume = {1},
	number = {},
	pages = {243 -- 248}
}

@article{Song2000,
	author = {J. Song and F. Su and J. Chen and C. Tai and S. Cai},
	Title = {Line net global vectorization: An algorithm and its performance evaluation},
	journal = {Proceedings of IEEE Conference on Computer Vision and Pattern Recognition},
	Publisher = {},
	Year = {2000},
  	volume = {1},
	number = {},
	pages = {383 -- 388}
}

@article{Song2002,
	author = {J. Song and F. Su and C.-L. Tai and S. Cai},
	Title = {An object-oriented progressive-simplification-based vectorization system for engineering drawings: Model, algorithm, and performance},
	journal = {IEEE Transactions on Pattern Analysis and Machine Intelligence},
	Publisher = {},
	Year = {2002},
  	volume = {24},
	number = {8},
	pages = {1048 -- 1060}
}

@article{Tanaka1993,
	author = {N. Tanaka and T. Kamimura and J. Tsukumo},
	Title = {Development of a map vectorization method involving a shape reforming process},
	journal = {Proceedings of the Second International Conference on Document Analysis and Recognition},
	Publisher = {},
	Year = {1993},
  	volume = {},
	number = {},
	pages = {680 -- 683}
}

@article{Yang2001,
	author = {H.-M. Yang and J.-J. Lu and H.-J. Lee},
	Title = {A B\'ezier curve-based approach to shape description for Chinese calligraphy characters},
	journal = {Proceedings of the Sixth International Conference on Document Analysis and Recognition},
	Publisher = {},
	Year = {2001},
  	volume = {},
	number = {},
	pages = {276 -- 280}
}

@article{Aurenhammer1991,
	author = {Franz Aurenhammer},
	Title = {Voronoi Diagrams -- A Survey of a Fundamental Geometric Data Structure},
	journal = {ACM Computing Surveys},
	Publisher = {},
	Year = {1991},
  	volume = {23},
	number = {3},
	pages = {345 -- 405}
}

@article{Boehm1983,
	author = {W. B\"ohm},
	Title = {Subdividing multivariate splines},
	journal = {Computer-Aided Design},
	Publisher = {},
	Year = {1983},
  	volume = {15},
	number = {6},
	pages = {345 -- 352}
}

@mastersthesis{Armstrong2006,
	author = {Curtis A. Armstrong},
    	title = {Vectorization of Raster Images Using B-Spline Surfaces},
    	school = {Brigham Young University},
    	year = {2006},
    	month = {July}
}

@mastersthesis{Ge2001,
	author = {D. Ge},
    	title = {Automatic triangle placement in view morphing},
    	school = {Brigham Young University},
    	year = {2001},
    	month = {}
}

@mastersthesis{Price2006,
	author = {B. Price},
    	title = {Image vectorization},
    	school = {Brigham Young University},
    	year = {2006},
    	month = {}
}

@phdthesis{Sutherland1963,
	Author = {Ivan Sutherland},
	Title = {Sketchpad, A Man-Machine Graphical Communication System},
	Year = {1963},
	School = {Massachusetts Institute of Technology}
}

@book{Wolberg1990,
	Author = {George Wolberg},
	Title = {Digital Image Warping},
	Edition = {1st},
	ISBN = {978-0818689444},
	Publisher = {IEEE Computer Society Press},
	Year = {1990}
}

@book{Kong1996,
	Author = {T. Y. Kong and A. Rosenfeld},
	Title = {Topological Algo-rithms for Digital Image Processing},
	Edition = {},
	ISBN = {},
	Publisher = {Elsevier Science Inc.},
	Year = {1996}
}

@book{Sternberg2003,
	Author = {Robert Sternberg},
	Title = {Cognitive Psychology},
	Edition = {3},
	ISBN = {},
	Publisher = {Thomson Wadsworth},
	Year = {2003}
}

@book{Gray2006,
	Author = {Peter O. Gray},
	Title = {Psychology},
	Edition = {5},
	ISBN = {978-0-7167-0617-5},
	Publisher = {New York: Worth},
	Year = {2006}
}

@book{Boor1978,
	Author = {C. de Boor},
	Title = {A Practical Guide to Splines},
	Edition = {},
	ISBN = {},
	Publisher = {Springer-Verlag},
	Year = {1978}
}

@inproceedings{Glasner2009,
	author = {Daniel Glasner and Shai Bagon and Michal Irani},
	title = {Super-Resolution from a Single Image},
	booktitle = {ICCV},
	year = {2009},
 	url = {\url{http://www.wisdom.weizmann.ac.il/~vision/SingleImageSR.html}}
}

@inproceedings{Lecot2006,
	author = {Gregory Lecot and Bruno Levy},
	title = {Ardeco: Automatic Region DEtection and COnversion},
	booktitle = {Eurographics Symposium on Rendering},
	year = {2006},
 	url = {\url{http://alice.loria.fr/publications/papers/2006/EGSR_Ardeco/EGSR_ardeco.pdf}},
	pages = {349 -- 360}
}

@misc{Wiki:pixelart,
	author = {Wikipedia},
   	title = {Pixel {A}rt --- {W}ikipedia{,} The Free Encyclopedia},
  	year = {2012},
   	url = {\url{http://en.wikipedia.org/wiki/Pixel_art}},
   	note = {[Online; accessed 15-May-2012]}
}

@misc{Wiki:vector,
	author = {Wikipedia},
   	title = {Vector graphics --- {W}ikipedia{,} The Free Encyclopedia},
  	year = {2012},
   	url = {\url{http://en.wikipedia.org/wiki/Vector_graphics}},
   	note = {[Online; accessed 15-May-2012]}
}

@misc{Wiki:rasterization,
	author = {Wikipedia},
   	title = {Rasterisation --- {W}ikipedia{,} The Free Encyclopedia},
  	year = {2012},
   	url = {\url{http://en.wikipedia.org/wiki/Rasterisation}},
   	note = {[Online; accessed 17-May-2012]}
}

@misc{Wiki:bresenham,
	author = {Wikipedia},
   	title = {Bresenham's line algorithm --- {W}ikipedia{,} The Free Encyclopedia},
  	year = {2012},
   	url = {\url{http://en.wikipedia.org/wiki/Bresenham's_line_algorithm}},
   	note = {[Online; accessed 17-May-2012]}
}

@misc{Wiki:scanline,
	author = {Wikipedia},
   	title = {Scanline rendering --- {W}ikipedia{,} The Free Encyclopedia},
  	year = {2012},
   	url = {\url{http://en.wikipedia.org/wiki/Scanline_rendering}},
   	note = {[Online; accessed 17-May-2012]}
}

@misc{Wiki:scaling,
	author = {Wikipedia},
   	title = {Image scaling --- {W}ikipedia{,} The Free Encyclopedia},
  	year = {2012},
   	url = {\url{http://en.wikipedia.org/wiki/Image_scaling}},
   	note = {[Online; accessed 23-March-2012]}
}

@misc{Wiki:formats,
	author = {Wikipedia},
   	title = {Image file formats --- {W}ikipedia{,} The Free Encyclopedia},
  	year = {2012},
   	url = {\url{http://en.wikipedia.org/wiki/Image_file_formats#Vector_formats}},
   	note = {[Online; accessed 10-March-2012]}
}

@misc{Wiki:svg,
	author = {Wikipedia},
   	title = {Scalable Vector Graphics --- {W}ikipedia{,} The Free Encyclopedia},
  	year = {2012},
   	url = {\url{http://en.wikipedia.org/wiki/Scalable_Vector_Graphics}},
   	note = {[Online; accessed 11-March-2012]}
}

@misc{Adobe2012,
	author = {{Adobe, Inc.}},
   	title = {Adobe {I}llustrator {CS}6},
  	year = {2012},
   	url = {\url{http://www. adobe.com/products/illustrator}},
   	note = {[Online; accessed 23-March-2012]}
}

@misc{Vector2010,
	author = {{Vector Magic, Inc.}},
   	title = {Vector {M}agic},
  	year = {2010},
   	url = {\url{http:// vectormagic.com}},
   	note = {[Online; accessed 23-March-2012]}
}
 
@misc{Liauw2001,
	author = {Derek {Liauw Kie Fa}},
   	title = {{2xSaI}: The advanced 2x Scale and Interpolation engine},
  	year = {2001},
   	url = {\url{http://vdnoort.home.xs4all.nl/emulation/2xsai}},
   	note = {[Online; accessed 26-March-2012]}
}
 
@misc{Mazzoleni2001,
	author = {Andrea Mazzoleni},
   	title = {Scale2x},
  	year = {2001},
   	url = {\url{http://scale2x. sourceforge.net}},
   	note = {[Online; accessed 20-March-2012]}
}

@misc{Stepin2003,
	author = {Maxim Stepin},
   	title = {Demos \& Docs -- hq2x/hq3x/hq4x Magnification Filter},
  	year = {2003},
   	url = {\url{http://www.hiend3d.com/demos.html}},
   	note = {[Online; accessed 25-March-2012]}
}

@misc{Selinger2003,
	author = {Peter Selinger},
   	title = {Potrace: a polygon-based tracing algorithm},
  	year = {2003},
   	url = {\url{http://potrace.sourceforge.net}},
   	note = {[Online; accessed 26-March-2012]}
}

@misc{Benvista2012,
	author = {{BenVista Ltd.}},
   	title = {{PhotoZoom Pro 4}},
  	year = {2012},
   	url = {\url{http://www.benvista.com/photozoompro}},
   	note = {[Online; accessed 30-March-2012]}
}

@misc{website:arstechnica,
	author = {Andrew Webster},
   	title = {8-bit heroes: {A}rs explores the resurgence of pixel art --- {ArsTechnica}.com},
	month = {May},
  	year = {2010},
   	url = {\url{http://arstechnica.com/gaming/2010/05/8-bit-heroes-ars-explores-the-resurgence-of-pixel-art/}},
   	note = {[Online; accessed 15-May-2012]}
}

@misc{website:nostalgia,
	author = {{Memory and Media 219}},
   	title = {The pixel art nostalgia},
	month = {October},
  	year = {2010},
   	url = {\url{http://memoryandmedia219.blogspot.ch/2010/10/pixel-art-nostalgia.html}},
   	note = {[Online; accessed 15-May-2012]}
}

@misc{Qimage2012,
	author = {{ddisoftware, Inc.}},
   	title = {Qimage Ultimate},
	month = {March},
  	year = {2012},
   	url = {\url{http://www.ddisoftware.com/qimage-u/}},
   	note = {[Online; accessed 15-May-2012]}
}

@misc{Perfect2012,
	author = {{onOne Software}},
   	title = {{Perfect Resize 7}},
	month = {},
  	year = {2012},
   	url = {\url{http://www.ononesoftware.com/products/suite/perfect-resize/?ind}},
   	note = {[Online; accessed 14-May-2012]}
}

@misc{Smartedge2007,
	author = {Alexey Lukin},
   	title = {Image Resampling Algorithms},
	month = {April},
  	year = {2007},
   	url = {\url{http://audio.rightmark.org/lukin/graphics/resampling.htm}},
   	note = {[Online; accessed 15-May-2012]}
}

@misc{website:interpolation,
	author = {{Cambridge In Colour}},
   	title = {Digital Image Interpolation},
	month = {},
  	year = {2012},
   	url = {\url{http://www.cambridgeincolour.com/tutorials/image-interpolation.htm}},
   	note = {[Online; accessed 16-May-2012]}
}

@misc{website:eagle,
	author = {Zinob},
   	title = {Eagle (idea)},
	month = {January},
  	year = {2007},
   	url = {\url{http://everything2.com/index.pl?node_id=1859453}},
   	note = {[Online; accessed 12-May-2012]}
}

@misc{Sederberg2006,
	author = {Thomas W. Sederberg},
   	title = {An Introduction to {B-Spline} Curves},
	month = {March},
  	year = {2005}
}

@misc{Batik,
	author = {The Apache Software Foundation},
   	title = {{Batik SVG Toolkit}},
	month = {January},
  	year = {2010},
   	url = {\url{http://xmlgraphics.apache.org/batik/}},
   	note = {[Online; accessed 12-March-2012]}
}